<?xml version="1.0" encoding="UTF-8"?>

                <record xmlns="http://www.loc.gov/MARC21/slim">
                    <leader>00000nam a2200000 cc4500</leader>
                    <controlfield tag="001">990045670350203331</controlfield>
                    <controlfield tag="003">AT-OBV</controlfield>
                    <controlfield tag="005">20171114123400.0</controlfield>
                    <controlfield tag="007">tu</controlfield>
                    <controlfield tag="008">050720|1984####xx############|||#|#ger#u</controlfield>
                    <controlfield tag="009">AC04581918</controlfield>
                    <datafield tag="035" ind1=" " ind2=" ">
                        <subfield code="a">AC04581918</subfield>
                    </datafield>
                    <datafield tag="035" ind1=" " ind2=" ">
                        <subfield code="a">(AT-OBV)AC04581918</subfield>
                    </datafield>
                    <datafield tag="035" ind1=" " ind2=" ">
                        <subfield code="a">(Aleph)004567035ACC01</subfield>
                    </datafield>
                    <datafield tag="035" ind1=" " ind2=" ">
                        <subfield code="a">(DE-599)OBVAC04581918</subfield>
                    </datafield>
                    <datafield tag="040" ind1=" " ind2=" ">
                        <subfield code="a">OAW</subfield>
                        <subfield code="b">ger</subfield>
                        <subfield code="d">UBW</subfield>
                        <subfield code="e">rakwb</subfield>
                    </datafield>
                    <datafield tag="041" ind1=" " ind2=" ">
                        <subfield code="a">ger</subfield>
                    </datafield>
                    <datafield tag="044" ind1=" " ind2=" ">
                        <subfield code="c">XA-AAAT</subfield>
                        <subfield code="c">XA-AT</subfield>
                    </datafield>
                    <datafield tag="100" ind1="0" ind2=" ">
                        <subfield code="a">Ferdinand</subfield>
                        <subfield code="b">I.</subfield>
                        <subfield code="c">Heiliges Römisches Reich, Kaiser</subfield>
                        <subfield code="d">1503-1564</subfield>
                        <subfield code="0">(DE-588)118532502</subfield>
                        <subfield code="4">aut</subfield>
                        <subfield code="9">O:H</subfield>
                    </datafield>
                    <datafield tag="245" ind1="0" ind2="0">
                        <subfield code="a">&lt;&lt;Die>> Korrespondenz Ferdinands I.</subfield>
                        <subfield code="n">Familienkorrespondenz, Bd. 3,, Titelei zur Lfg. 1-3</subfield>
                        <subfield code="p">1531 und 1532 / bearb. von Herwig Wolfram ...</subfield>
                    </datafield>
                    <datafield tag="264" ind1=" " ind2="1">
                        <subfield code="a">Wien [u.a.]</subfield>
                        <subfield code="b">Böhlau</subfield>
                        <subfield code="a">Wien</subfield>
                        <subfield code="b">Holzhausen</subfield>
                        <subfield code="c">1973 - 1984</subfield>
                    </datafield>
                    <datafield tag="300" ind1=" " ind2=" ">
                        <subfield code="a">CVII S.</subfield>
                    </datafield>
                    <datafield tag="490" ind1="1" ind2=" ">
                        <subfield code="a">Veröffentlichungen der Kommission für Neuere Geschichte Österreichs</subfield>
                        <subfield code="v">58</subfield>
                    </datafield>
                    <datafield tag="700" ind1="1" ind2=" ">
                        <subfield code="a">Wolfram, Herwig</subfield>
                        <subfield code="d">1934-</subfield>
                        <subfield code="0">(DE-588)121867765</subfield>
                        <subfield code="4">oth</subfield>
                        <subfield code="e">[Bearb.]</subfield>
                    </datafield>
                    <datafield tag="773" ind1="0" ind2="8">
                        <subfield code="w">(AT-OBV)AC01278875</subfield>
                        <subfield code="q">FK,3,3,T</subfield>
                    </datafield>
                    <datafield tag="830" ind1=" " ind2="0">
                        <subfield code="w">(AT-OBV)AC00112585</subfield>
                        <subfield code="v">58,3,3,T</subfield>
                        <subfield code="9">O:1</subfield>
                    </datafield>
                    <datafield tag="852" ind1="0" ind2="1">
                        <subfield code="a">43ACC_UBS</subfield>
                        <subfield code="6">990012639330203341</subfield>
                        <subfield code="9">P</subfield>
                    </datafield>
                    <datafield tag="852" ind1="0" ind2="1">
                        <subfield code="a">43ACC_UBW</subfield>
                        <subfield code="6">990077648550203332</subfield>
                        <subfield code="9">P</subfield>
                    </datafield>
                    <datafield tag="852" ind1="0" ind2="1">
                        <subfield code="a">43ACC_OEAW</subfield>
                        <subfield code="6">990000948890504498</subfield>
                        <subfield code="9">P</subfield>
                    </datafield>
                    <datafield tag="970" ind1="1" ind2=" ">
                        <subfield code="c">54</subfield>
                    </datafield>
                    <datafield tag="974" ind1="0" ind2="s">
                        <subfield code="F">030</subfield>
                        <subfield code="A">a|1ucr|||||||</subfield>
                    </datafield>
                    <datafield tag="974" ind1="0" ind2="s">
                        <subfield code="F">050</subfield>
                        <subfield code="A">a|a|||||||||||</subfield>
                    </datafield>
                    <datafield tag="974" ind1="0" ind2="s">
                        <subfield code="F">051</subfield>
                        <subfield code="A">||||||||</subfield>
                    </datafield>
                </record>

